%YAML 1.1
%TAG !u! tag:unity3d.com,2011:
--- !u!1 &1861435472663863926
GameObject:
  m_ObjectHideFlags: 0
  m_CorrespondingSourceObject: {fileID: 0}
  m_PrefabInstance: {fileID: 0}
  m_PrefabAsset: {fileID: 0}
  serializedVersion: 6
  m_Component:
  - component: {fileID: 1861435472663863924}
  - component: {fileID: 1861435472663863925}
  - component: {fileID: 3866543454545938225}
  - component: {fileID: -528620306837509568}
  m_Layer: 0
  m_Name: Missile
  m_TagString: Untagged
  m_Icon: {fileID: 0}
  m_NavMeshLayer: 0
  m_StaticEditorFlags: 4294967295
  m_IsActive: 1
--- !u!4 &1861435472663863924
Transform:
  m_ObjectHideFlags: 0
  m_CorrespondingSourceObject: {fileID: 0}
  m_PrefabInstance: {fileID: 0}
  m_PrefabAsset: {fileID: 0}
  m_GameObject: {fileID: 1861435472663863926}
  m_LocalRotation: {x: -0, y: -0, z: -0, w: 1}
  m_LocalPosition: {x: -0.1316, y: -0.5267, z: 0}
  m_LocalScale: {x: 0.17709298, y: 0.17709298, z: 0.17709298}
  m_Children:
  - {fileID: 3437963960088884518}
  m_Father: {fileID: 0}
  m_RootOrder: 0
  m_LocalEulerAnglesHint: {x: 0, y: 0, z: 0}
--- !u!212 &1861435472663863925
SpriteRenderer:
  m_ObjectHideFlags: 0
  m_CorrespondingSourceObject: {fileID: 0}
  m_PrefabInstance: {fileID: 0}
  m_PrefabAsset: {fileID: 0}
  m_GameObject: {fileID: 1861435472663863926}
  m_Enabled: 1
  m_CastShadows: 0
  m_ReceiveShadows: 0
  m_DynamicOccludee: 1
  m_MotionVectors: 1
  m_LightProbeUsage: 1
  m_ReflectionProbeUsage: 1
  m_RenderingLayerMask: 1
  m_RendererPriority: 0
  m_Materials:
  - {fileID: 10754, guid: 0000000000000000f000000000000000, type: 0}
  m_StaticBatchInfo:
    firstSubMesh: 0
    subMeshCount: 0
  m_StaticBatchRoot: {fileID: 0}
  m_ProbeAnchor: {fileID: 0}
  m_LightProbeVolumeOverride: {fileID: 0}
  m_ScaleInLightmap: 1
  m_PreserveUVs: 0
  m_IgnoreNormalsForChartDetection: 0
  m_ImportantGI: 0
  m_StitchLightmapSeams: 1
  m_SelectedEditorRenderState: 0
  m_MinimumChartSize: 4
  m_AutoUVMaxDistance: 0.5
  m_AutoUVMaxAngle: 89
  m_LightmapParameters: {fileID: 0}
  m_SortingLayerID: 0
  m_SortingLayer: 0
  m_SortingOrder: 0
  m_Sprite: {fileID: 21300000, guid: 46eb64ac9e08f0f46a67b78f4ffa358f, type: 3}
  m_Color: {r: 1, g: 1, b: 1, a: 1}
  m_FlipX: 0
  m_FlipY: 0
  m_DrawMode: 0
  m_Size: {x: 0.32, y: 1.28}
  m_AdaptiveModeThreshold: 0.5
  m_SpriteTileMode: 0
  m_WasSpriteAssigned: 1
  m_MaskInteraction: 0
  m_SpriteSortPoint: 0
--- !u!114 &3866543454545938225
MonoBehaviour:
  m_ObjectHideFlags: 0
  m_CorrespondingSourceObject: {fileID: 0}
  m_PrefabInstance: {fileID: 0}
  m_PrefabAsset: {fileID: 0}
  m_GameObject: {fileID: 1861435472663863926}
  m_Enabled: 1
  m_EditorHideFlags: 0
  m_Script: {fileID: 11500000, guid: b8a3cc828481b0c4da5cd3926ae1c698, type: 3}
  m_Name: 
  m_EditorClassIdentifier: 
  active: 0
  missileStats:
    speed: 0
    damage: 0
    evasion: 0
  targetShip: {fileID: 0}
  targetDirection: {x: 0, y: 0, z: 0}
  col: {fileID: -528620306837509568}
--- !u!70 &-528620306837509568
CapsuleCollider2D:
  m_ObjectHideFlags: 0
  m_CorrespondingSourceObject: {fileID: 0}
  m_PrefabInstance: {fileID: 0}
  m_PrefabAsset: {fileID: 0}
  m_GameObject: {fileID: 1861435472663863926}
  m_Enabled: 1
  m_Density: 1
  m_Material: {fileID: 0}
  m_IsTrigger: 0
  m_UsedByEffector: 0
  m_UsedByComposite: 0
  m_Offset: {x: 0, y: -0.02755688}
  m_Size: {x: 0.32, y: 1.2248863}
  m_Direction: 0
--- !u!1001 &1861435472011501170
PrefabInstance:
  m_ObjectHideFlags: 0
  serializedVersion: 2
  m_Modification:
    m_TransformParent: {fileID: 1861435472663863924}
    m_Modifications:
    - target: {fileID: 5052404159480851881, guid: fd1133183f332eb4c84c1b1f17532c77,
        type: 3}
      propertyPath: m_Name
      value: PS_Launcher_Projectile_Engine
      objectReference: {fileID: 0}
    - target: {fileID: 3919046137671052116, guid: fd1133183f332eb4c84c1b1f17532c77,
        type: 3}
      propertyPath: m_LocalPosition.x
      value: -0.019198943
      objectReference: {fileID: 0}
    - target: {fileID: 3919046137671052116, guid: fd1133183f332eb4c84c1b1f17532c77,
        type: 3}
      propertyPath: m_LocalPosition.y
      value: -0.5776626
      objectReference: {fileID: 0}
    - target: {fileID: 3919046137671052116, guid: fd1133183f332eb4c84c1b1f17532c77,
        type: 3}
      propertyPath: m_LocalPosition.z
      value: 0
      objectReference: {fileID: 0}
    - target: {fileID: 3919046137671052116, guid: fd1133183f332eb4c84c1b1f17532c77,
        type: 3}
      propertyPath: m_LocalRotation.x
      value: -0
      objectReference: {fileID: 0}
    - target: {fileID: 3919046137671052116, guid: fd1133183f332eb4c84c1b1f17532c77,
        type: 3}
      propertyPath: m_LocalRotation.y
      value: -0
      objectReference: {fileID: 0}
    - target: {fileID: 3919046137671052116, guid: fd1133183f332eb4c84c1b1f17532c77,
        type: 3}
      propertyPath: m_LocalRotation.z
      value: -0.73327875
      objectReference: {fileID: 0}
    - target: {fileID: 3919046137671052116, guid: fd1133183f332eb4c84c1b1f17532c77,
        type: 3}
      propertyPath: m_LocalRotation.w
      value: 0.6799282
      objectReference: {fileID: 0}
    - target: {fileID: 3919046137671052116, guid: fd1133183f332eb4c84c1b1f17532c77,
        type: 3}
      propertyPath: m_RootOrder
      value: 0
      objectReference: {fileID: 0}
    - target: {fileID: 3919046137671052116, guid: fd1133183f332eb4c84c1b1f17532c77,
        type: 3}
      propertyPath: m_LocalEulerAnglesHint.x
      value: 0
      objectReference: {fileID: 0}
    - target: {fileID: 3919046137671052116, guid: fd1133183f332eb4c84c1b1f17532c77,
        type: 3}
      propertyPath: m_LocalEulerAnglesHint.y
      value: 0
      objectReference: {fileID: 0}
    - target: {fileID: 3919046137671052116, guid: fd1133183f332eb4c84c1b1f17532c77,
        type: 3}
      propertyPath: m_LocalEulerAnglesHint.z
      value: -94.324005
      objectReference: {fileID: 0}
    m_RemovedComponents: []
  m_SourcePrefab: {fileID: 100100000, guid: fd1133183f332eb4c84c1b1f17532c77, type: 3}
--- !u!4 &3437963960088884518 stripped
Transform:
  m_CorrespondingSourceObject: {fileID: 3919046137671052116, guid: fd1133183f332eb4c84c1b1f17532c77,
    type: 3}
  m_PrefabInstance: {fileID: 1861435472011501170}
  m_PrefabAsset: {fileID: 0}
